% ------------------------------------------------------------------------
%  BIBLIOGRAPHY FILE
% ------------------------------------------------------------------------

@ELECTRONIC{nordugrid,
  title =        "{The NorduGrid Collaboration}",
  URL =         "http://www.nordugrid.org"
}

@Article{globus,
  author =	 {I.~Foster and C.~Kesselman},
  title =	 "{Globus: A Metacomputing Infrastructure Toolkit}",
  journal =	 "{International Journal of Supercomputer
                  Applications}",
  year =	 {1997},
  volume =	 {11},
  number =	 {2},
  pages =	 {115-128},
  OPTnote =	 "Available at: http://www.globus.org"
}

@unpublished{mds,
  author =	 "{The Globus Alliance}",
  title =	 "{The Monitoring and Discovery Service}",
  url =		 "{http://www.globus.org/toolkit/mds}",
  note =	 "{Web site}"
}

@Manual{is,
  author =	 "B. K\'{o}nya",
  organization = "{The NorduGrid Collaboration}",
  title =	 "{The NorduGrid/ARC Information System}",
  note =	 "{NORDUGRID-TECH-4}"
}

@Book{ldap,
  author =	 {M. Smith and T. A. Howes},
  title =	 "{LDAP : Programming Directory-Enabled Applications
                  with Lightweigt Directory Access Protocol}",
  publisher =	 {Macmillan},
  year =	 1997
}

@Book{php,
  author =	 {T. Converse and J. Park},
  title =	 "{PHP 4 Bible}",
  year =	 {2000},
  isbn =	 {076454716X},
  publisher =	 {John Wiley \& Sons, Inc.},
  address =	 {New York, NY, USA}
}

@Manual{gm,
  author =	 "A. Konstantinov",
  organization = "{The NorduGrid Collaboration}",
  title =	 "{The NorduGrid Grid Manager And GridFTP Server:
                  Description And Administrator's Manual}",
  note =	 "{NORDUGRID-TECH-2}"
}

@ELECTRONIC{vo,
title = "{Description of the NorduGrid Virtual Organisation}",
URL = "http://www.nordugrid.org/NorduGridVO/vo-description.html"
}

@Manual{ui,
title = "{The NorduGrid toolkit user interface}",
  organization = "{The NorduGrid Collaboration}",
author = "M.~Ellert",
note = "{NORDUGRID-MANUAL-1}"
}

@Manual{userguide,
  title =        "{The NorduGrid/ARC User Guide}",
  organization = "{The NorduGrid Collaboration}",
  note =         "{NORDUGRID-MANUAL-6}"
}

@BOOK{grid,
  AUTHOR =       "I. Foster and C.Kesselman",
  TITLE =        "The Grid: Blueprint for a New Computing Infrastructure",
  PUBLISHER =    "Morgan Kaufmann",
  YEAR =         "1999"
}

@ELECTRONIC{rsl,
title = "{The Globus Resource Specification Language RSL v1.0.}",
URL = "{http://www-fp.globus.org/gram/rsl\_spec1.html}"
}

@Manual{xrsl,
  organization = "{The NorduGrid Collaboration}",
  author =	 {O. Smirnova},
  title =	 "{Extended Resource Specification Language}",
  note =	 "{NORDUGRID-MANUAL-4}"
}

@ELECTRONIC{crypto,
title = "{RSA Cryptography FAQ}",
author = "{RSA~Labs}",
URL = "{http://www.nordugrid.org/documents/rsalabs\_faq41.pdf}"
}

@Manual{monitor,
  author =	 "{O.~Smirnova}",
  organization = "{The NorduGrid Collaboration}",
  title =	 "{The Grid Monitor}",
  note =	 "{NORDUGRID-MANUAL-5}",
}

@INPROCEEDINGS{nordarch,
title = "{An Overview of an Architecture Proposal for a High Energy Physics Grid}",
author = "A.~W{\"a}{\"a}nanen",
year = "2002",
editor = "J.~Fagerholm",
booktitle = "Proc. of PARA 2002, LNCS 2367, p.~76",
publisher = "Springer-Verlag Berlin Heidelberg"
}

@ELECTRONIC{rpm,
title = "{RedHat Package Manager}",
URL = "http://www.rpm.org"
}

@ELECTRONIC{x509,
title = "{Public-Key Infrastructure (X.509) (pkix)}",
URL = "http://www.ietf.org/html.charters/pkix-charter.html"
}

@ELECTRONIC{openssl,
title = "{The Open Source toolkit for SSL/TLS}",
URL = "http://www.openssl.org/"
}

@InProceedings{gsi,
  author =	 "I. Foster and others",
  title =	 "{A Security Architecture for Computational Grids}",
  booktitle =	 "{CCS '98: Proceedings of the 5th ACM conference on
                  Computer and communications security}",
  isbn =	 {1-58113-007-4},
  location =	 {San Francisco, California, United States},
  publisher =	 {ACM Press},
  year =	 "1998",
  month =	 "November",
  pages =	 {83-92}
}

@Article{rc,
  author =	 {H. Stockinger and others},
  title =	 "{File and Object Replication in Data Grids}",
  journal =	 {Cluster Computing},
  year =	 2002,
  volume =	 5,
  number =	 3,
  month =	 {July},
  pages =	 {305-314}
}

@InProceedings{rls,
  author =	 {Ann L. Chervenak and others},
  title =	 "{Performance and Scalability of a Replica Location
                  Service}",
  booktitle =	 {Proceedings of the 13th IEEE International Symposium
                  on High Performance Distributed Computing (HPDC'04)},
  year =	 {2004},
  isbn =	 {0-7803-2175-4},
  pages =	 {182-191},
  publisher =	 {IEEE Computer Society Press}
}

@unpublished{gpt,
title = "{Grid Packaging Tools}",
URL = "http://www.gridpackagingtools.org"
}

@unpublished{gsoap,
  author =	 "{R.A. van~Engelen and others}",
title = "{gSOAP}",
URL = "http://www.cs.fsu.edu/~engelen/soap.html"
}

@Article{gacl,
  author =	 {A. McNab},
  title =	 "{The GridSite Web/Grid security system: Research
                  Articles}",
  journal =	 {Softw. Pract. Exper.},
  volume =	 {35},
  number =	 {9},
  year =	 {2005},
  issn =	 {0038-0644},
  pages =	 {827--834}
}

@Article{voms,
  author =	 {R. Alfieri and others},
  title =	 "{From gridmap-file to VOMS: managing authorization
                  in a Grid environment}",
  journal =	 {Future Gener. Comput. Syst.},
  volume =	 {21},
  number =	 {4},
  year =	 {2005},
  issn =	 {0167-739X},
  pages =	 {549-558}
}

@Manual{se,
  title =        "{The NorduGrid Smart Storage Element}",
  author = "A.~Konstantinov",
  organization = "{The NorduGrid Collaboration}",
  note =         "{NORDUGRID-TECH-10}"
}

@Manual{urls,
  author =	 "A. Konstantinov",
  organization = "{The NorduGrid Collaboration}",
  title =	 "{Protocols, Uniform Resource Locators (URL) and
                  Extensions Supported in ARC}",
  note =	 "{NORDUGRID-TECH-7}"
}

@Article{gridftp,
  author =	 {W. Allcock and others},
  title =	 {Data management and transfer in high-performance
                  computational grid environments},
  journal =	 {Parallel Comput.},
  volume =	 {28},
  number =	 {5},
  year =	 {2002},
  issn =	 {0167-8191},
  pages =	 {749-771}
}

@ELECTRONIC{gram,
  title =        "{The Grid Resource Allocation and Management}",
  URL =         "http://www.globus.org/toolkit/docs/3.2/gram/"
}

@Manual{config,
  title =        "{Configuration and Authorisation of ARC (NorduGrid) Services}",
  author = "A.~Konstantinov",
  organization = "{The NorduGrid Collaboration}",
  note =         "{NORDUGRID-TECH-6}"
}

@Manual{httpsd,
  author =	 "A. Konstantinov",
  organization = "{The NorduGrid Collaboration}",
  title =	 "{The HTTP(s,g) And SOAP Framework}",
  note =	 "{NORDUGRID-TECH-9}"
}


@ELECTRONIC{ggf,
  title =        "{Global Grid Forum}",
  URL =         "http://www.ggf.org/"
}

@ELECTRONIC{srm,
  title =        "{Storage Resource Management Working Group}",
  URL =         "http://sdm.lbl.gov/srm-wg/"
}

@ELECTRONIC{glite,
  title =        "{gLite, Lightweight Middleware for Grid Computing}",
  URL =         "http://glite.web.cern.ch/glite/"
}

@InProceedings{para02,
  title =	 "{An Overview of an Architecture Proposal for a High
                  Energy Physics Grid}",
  author =	 {A.W\"{a}\"{a}n\"{a}nen and others},
  booktitle =	 {PARA '02: Proceedings of the 6th International
                  Conference on Applied Parallel Computing Advanced
                  Scientific Computing},
  year =	 {2002},
  isbn =	 {3-540-43786-X},
  pages =	 {76-88},
  publisher =	 {Springer-Verlag},
  note =	 {Lecture Notes In Computer Science, Vol. 2367}
}

@ARTICLE{acat02,
  title =	 "{The NorduGrid project: Using Globus toolkit for
                  building Grid infrastructure}",
  author =	 {M.~Ellert and others},
  year =	 {2003},
  journal =	 {Nucl. Instr. and Methods \textbf{A}},
  volume =	 {502},
  pages =	 {407-410}
}

@ELECTRONIC{jsdl,
  title =        "Job Submission Description Language (JSDL) Specification v1.0",
  author =	 {A.~Anjomshoaa and others},
  note =	 "{GFD-R-P.056}",
  year =	 "2005",
  month =	 "December",
  URL =          "http://www.ggf.org/ggf_docs_final.htm"
}

@ELECTRONIC{bes,
  title =        "OGSA Basic Execution Service Version 1.0",
  author =	 {I.Foster and others},
  note =	 "{GFD.108}",
  year =	 "2007",
  month =	 "August",
  URL =          "http://www.ogf.org/gf/docs/?final"
}

@ELECTRONIC{wsrf,
  title =        "OASIS Web Services Resource specification",
  author =	 {OASIS},
  note =	 "{}",
  year =	 "2006",
  month =	 "April",
  URL =          "http://docs.oasis-open.org/wsrf/wsrf-ws_resource-1.2-spec-os.pdf"
}

@ELECTRONIC{wsrf-rp,
  title =        "OASIS Web Services ResourceProperties specification",
  author =	 {OASIS},
  note =	 "{}",
  year =	 "2006",
  month =	 "April",
  URL =          "http://docs.oasis-open.org/wsrf/wsrf-ws_resource_properties-1.2-spec-os.pdf"
}

@ELECTRONIC{wsrf-sg,
  title =        "OASIS Web Services ServiceGroup specification",
  author =	 {OASIS},
  note =	 "{}",
  year =	 "2006",
  month =	 "April",
  URL =          "http://docs.oasis-open.org/wsrf/wsrf-ws_service_group-1.2-spec-os.pdf"
}

@ELECTRONIC{wsrf-rl,
  title =        "OASIS Web Services ResourceLifetime specification",
  author =	 {OASIS},
  note =	 "{}",
  year =	 "2006",
  month =	 "April",
  URL =          "http://docs.oasis-open.org/wsrf/wsrf-ws_resource_lifetime-1.2-spec-os.pdf"
}

@ELECTRONIC{wsrf-bf,
  title =        "OASIS Web Services BaseFaults specification",
  author =	 {OASIS},
  note =	 "{}",
  year =	 "2006",
  month =	 "April",
  URL =          "http://docs.oasis-open.org/wsrf/wsrf-ws_base_faults-1.2-spec-os.pdf"
}

% ------------------------------------------------------------------------
