% ------------------------------------------------------------------------
%  LIBARCCLIENT BIBLIOGRAPHY FILE
% ------------------------------------------------------------------------

@Unpublished{ libarcclientAPI,
        title = "{libarcclient online API documentation}",
        URL = "http://www.nordugrid.org",
        note = "{Web site}"
}
