% ------------------------------------------------------------------------
%  NORDUGRID DOCUMENTS BIBLIOGRAPHY FILE
%  to include in your documents via \bibliography{nordugrid}
%
%  Quick overview of keywords (to be used as f.ex. \cite{arc0-nnn}):
%
% arc0   main pre-WS ARC reference paper in FGCS
%
% arc0-ui               ARC0 User Interface (CLI)           MANUAL-1
% install-arc0-server   ARC0 server installation            MANUAL-2
% install-arc0-client   ARC0 client installation            MANUAL-3
% xrsl                  XRSL manual                         MANUAL-4
% arc0-monitor          ARC0 monitor                        MANUAL-5
% arc0-userguide        ARC0 User Guide                     MANUAL-6
% srm-proxy             SRM proxy service                   MANUAL-7
% arc1-readme           ARC1 quick guide                    MANUAL-8
% ws-tutorial           Web Service programming tutorial    MANUAL-9
% storage-manual        Chelonia Administrator's Manual     MANUAL-10
% janitor-manual        Janitor Manual                      MANUAL-11
% lap-manual            Lunarc application portal           MANUAL-12
% arc-ui                ARC1 User Interface (CLI)           MANUAL-13
% chelonia-user         Chelonia CLI                        MANUAL-14
% hopi                  HOPI                                MANUAL-15
% urlogger              ARC Usage Record Logger             MANUAL-16
% arc-authz             User Authorization in ARC           MANUAL-17
%
% arc0-proposal         ARC0 architecture proposal          TECH-1
% arc0-gm               Grid Manager                        TECH-2
% -                     -                                   -
% arc0-infosys          ARC0 information system             TECH-4
% arc0-build            ARC0 build instructions             TECH-5
% arc0-config           ARC0 configuration, authorisation   TECH-6
% arc-urls              URLs and meta-URLs in ARC           TECH-7
% arc0-datamove         ARC0 datamove reference             TECH-8
% arc0-httpsd           ARC0 HTTPs and SOAP framework       TECH-9
% sse                   Smart Storage Element               TECH-10
% arc0-logger           ARC0 Logger                         TECH-11
% arc0-arclib           ARC0 arclib                         TECH-12
% arc0-backends         ARC0 backends                       TECH-13
% a-rex                 A-REX                               TECH-14
% aptools               ARC1 prototype clients              TECH-15
% arc1-security         ARC1 security framework             TECH-16
% arc1-storage          ARC1 storage system                 TECH-17
% arc1-backends         ARC1 backends                       TECH-18
% hed                   HED                                 TECH-19
% libarcclient          libarcclient                        TECH-20
% isis                  ISIS                                TECH-21
% glite-gw              gLite gateway                       TECH-22
% dmc                   DMC                                 TECH-23
% jura                  JURA                                TECH-24
% gui                   LAPORTAL and GUI                    TECH-25
%
% ------------------------------------------------------------------------

%==== Reference papers

@Article{ arc0,
	author = "M. Ellert and others",
	title = "{Advanced Resource Connector middleware for lightweight computational Grids}",
	journal = "Future Gener. Comput. Syst.",
	volume = "23",
	number = "1",
	year = "2007",
	issn = "0167-739X",
	pages = "219--240",
	doi = "10.1016/j.future.2006.05.008"
}

%==== User manuals

@Manual{ arc0-ui,
	title = "ARC User Interface",
	author = "M. Ellert",
	organization = "{The NorduGrid Collaboration}",
	note = "{NORDUGRID-MANUAL-1}",
	url = "{http://www.nordugrid.org/documents/ui.pdf}"
}

@Manual{ install-arc0-server,
	title = "NorduGrid ARC server installation instructions",
	author = "B. K{\'o}nya",
	organization = "{The NorduGrid Collaboration}",
	note = "{NORDUGRID-MANUAL-2}",
	url = "{http://www.nordugrid.org/documents/ng-server-install.html}"
}

@Manual{ install-arc0-client,
	title = "NorduGrid ARC client installation instructions",
	author = "B. K{\'o}nya",
	organization = "{The NorduGrid Collaboration}",
	note = "{NORDUGRID-MANUAL-3}",
	url = "{http://www.nordugrid.org/documents/ng-client-install.html}"
}

@Manual{ xrsl,
	title = "{Extended Resource Specification Language}",
	author = "O. Smirnova",
	organization = "{The NorduGrid Collaboration}",
	note = "{NORDUGRID-MANUAL-4}",
	url = "{http://www.nordugrid.org/documents/xrsl.pdf}"
}

@Manual{ arc0-monitor,
	title = "The Grid Monitor",
	author = "O. Smirnova",
	organization = "{The NorduGrid Collaboration}",
	note = "{NORDUGRID-MANUAL-5}",
	url = "{http://www.nordugrid.org/documents/monitor.pdf}"
}

@Manual{ arc0-userguide,
	title = "{The NorduGrid/ARC User Guide}",
	organization = "{The NorduGrid Collaboration}",
	note = "{NORDUGRID-MANUAL-6}",
	url = "{http://www.nordugrid.org/documents/userguide.pdf}"
}

@Manual{ srm-proxy,
	title = "The SRM Proxy Service",
	author = "A. Konstantinov",
	organization = "{The NorduGrid Collaboration}",
	note = "{NORDUGRID-MANUAL-7}",
	url = "{http://www.nordugrid.org/documents/SRM_proxy.pdf}"
}

@Manual{ arc1-readme,
	title = "ARC Web Services quick usage guide",
	author = "A. Konstantinov and W. Qiang",
	organization = "{The NorduGrid Collaboration}",
	note = "{NORDUGRID-MANUAL-8}",
	url = "{http://www.nordugrid.org/documents/}"
}

@Manual{ ws-tutorial,
	title = "Web Service programming tutorial",
	author = {M. Glodek and S. M{\"o}ller},
	organization = "{The NorduGrid Collaboration}",
	note = "{NORDUGRID-MANUAL-9}",
	url = "{http://www.nordugrid.org/documents/ws-programming-tutorial.pdf}"
}

@Manual{ storage-manual,
	title = "Chelonia Administrator's Manual",
	author = "Zs. Nagy and J. K. Nilsen and S. Z. Toor",
	organization = "{The NorduGrid Collaboration}",
	note = "{NORDUGRID-MANUAL-10}",
	url = "{http://www.nordugrid.org/documents/arc-storage-manual.pdf}"
}

@Manual{ janitor-manual,
	title = "Dynamic Runtime Environments with Janitor",
	author = {M. Glodek and D. Bayer and S M{\"o}ller},
	organization = "{The NorduGrid Collaboration}",
	note = "{NORDUGRID-MANUAL-11}",
	url = "{http://www.nordugrid.org/documents/Janitor.pdf}"
}

@Manual{ lap-manual,
	title = "LUNARC Application Portal",
	author = "J. Lindemann",
	organization = "{Lund University}",
	note = "{NORDUGRID-MANUAL-12}",
	url = "{http://www.nordugrid.org/documents/portal_installation.pdf}"
}

@Manual{ arc1-ui,
	title = "ARC User Interface",
	organization = "{The NorduGrid Collaboration}",
	note = "{NORDUGRID-MANUAL-13}",
	url = "{http://www.nordugrid.org/documents/ui.pdf}"
}

@Manual{ chelonia-user,
	title = "Chelonia User's Manual",
	author = "Zs. Nagy and J. K. Nilsen and S. Z. Toor",
	organization = "{The NorduGrid Collaboration}",
	note = "{NORDUGRID-MANUAL-14}",
	url = "{http://www.nordugrid.org/documents/chelonia-cli-standalone.pdf}"
}

@Manual{ hopi,
	title = "The HOPI Manual",
	author = "Zs. Nagy",
	organization = "{The NorduGrid Collaboration}",
	note = "{NORDUGRID-MANUAL-15}",
	url = "{http://www.nordugrid.org/documents/hopi-manual.pdf}"
}

@Manual{ urlogger,
	title = "ARC Usage Record Logger",
	organization = "{The NorduGrid Collaboration}",
	note = "{NORDUGRID-MANUAL-16}",
	url = "{http://www.nordugrid.org/documents/urlogger.pdf}"
}

@Manual{ arc-authz,
	title = "User Authorization in the ARC Middleware",
	organization = "{The NorduGrid Collaboration}",
	note = "{NORDUGRID-MANUAL-17}",
	url = "{http://www.nordugrid.org/documents/userauthz.pdf}"
}

%==== Technical manuals and references

@Manual{ arc0-proposal,
	title = "Architecture Proposal",
	organization = "{The NorduGrid Collaboration}",
	note = "{NORDUGRID-TECH-1}",
	url = "{http://www.nordugrid.org/documents/ng-architecture.pdf}"
}

@Manual{ arc0-gm,
	title = "{The NorduGrid Grid Manager And GridFTP Server: Description And Administrator's Manual}",
	author = "A. Konstantinov",
	organization = "{The NorduGrid Collaboration}",
	note = "{NORDUGRID-TECH-2}",
	url = "{http://www.nordugrid.org/documents/GM.pdf}"
}

@Manual{ empty,
	title = "{No document}",
	author = "",
	organization = "{The NorduGrid Collaboration}",
	note = "{NORDUGRID-TECH-3}",
	url = "{http://www.nordugrid.org/documents/}"
}

@Manual{ arc0-infosys,
	title = "{The NorduGrid/ARC Information System}",
	author = "B. K{\'o}nya",
	organization = "{The NorduGrid Collaboration}",
	note = "{NORDUGRID-TECH-4}",
	url = "{http://www.nordugrid.org/documents/arc_infosys.pdf}"
}

@Manual{ arc0-build,
	title = "{NorduGrid's ARC dependencies and build instructions}",
	author = {A. W{\"a}{\"a}n{\"a}nen},
	organization = "{The NorduGrid Collaboration}",
	note = "{NORDUGRID-TECH-5}",
	url = "{http://www.nordugrid.org/middleware/build.html}"
}

@Manual{ arc0-config,
	title = "{Configuration and Authorisation of ARC (NorduGrid) Services}",
	author = "A. Konstantinov",
	organization = "{The NorduGrid Collaboration}",
	note = "{NORDUGRID-TECH-6}",
	url = "{http://www.nordugrid.org/documents/Config_Auth.pdf}"
}

@Manual{ arc-urls,
	title = "Protocols, Uniform Resource Locators (URL) and Extensions Supported in ARC",
	author = "A. Konstantinov",
	organization = "{The NorduGrid Collaboration}",
	note = "{NORDUGRID-TECH-7}",
	url = "{http://www.nordugrid.org/documents/URLs.pdf}"
}

@Manual{ arc0-datamove,
	title = "{ARC::DataMove Reference Manual}",
	author = "A. Konstantinov",
	organization = "{The NorduGrid Collaboration}",
	note = "{NORDUGRID-TECH-8}",
	url = "{http://www.nordugrid.org/documents/datamove.pdf}"
}

@Manual{ arc0-httpsd,
	title = "{The HTTP(s,g) And SOAP Framework}",
	author = "A. Konstantinov",
	organization = "{The NorduGrid Collaboration}",
	note = "{NORDUGRID-TECH-9}",
	url = "{http://www.nordugrid.org/documents/HTTP_SOAP.pdf}"
}

@Manual{ sse,
	title = "The NorduGrid Smart Storage Element",
	author = "A. Konstantinov",
	organization = "{The NorduGrid Collaboration}",
	note = "{NORDUGRID-TECH-10}",
	url = "{http://www.nordugrid.org/documents/SE.pdf}"
}

@Manual{ arc0-logger,
	title = "The Logger service",
	author = "A. Konstantinov and A. Nazarov",
	organization = "{The NorduGrid Collaboration}",
	note = "{NORDUGRID-TECH-11}",
	url = "{http://www.nordugrid.org/documents/Logger.pdf}"
}

@Manual{ arc0-arclib,
	title = "{ARClib, a client library for ARC}",
	author = "J. L. Nielsen",
	organization = "{The NorduGrid Collaboration}",
	note = "{NORDUGRID-TECH-12}",
	url = "{http://www.nordugrid.org/documents/arclib.pdf}"
}

@Manual{ arc0-backends,
	title = "{ARC Batch System Back-end Interface Guide}",
	author = "Ch. U. S{\o}ttrup and A. Taga and B. K{\'o}nya and G. R\H{o}czei and D. Johansson",
	organization = "{The NorduGrid Collaboration}",
	note = "{NORDUGRID-TECH-13}",
	url = "{http://www.nordugrid.org/documents/Backends.pdf}"
}

@Manual{ a-rex,
	title = "The ARC Computational Job Management Module -- A-REX",
	author = "A. Konstantinov",
	organization = "{The NorduGrid Collaboration}",
	note = "{NORDUGRID-TECH-14}",
	URL = "http://www.nordugrid.org/documents/a-rex.pdf"
}

@Manual{ aptools,
	title = "{WS-Based ARC Clients}",
	author = "M. Nord{\'e}n and Th. Fr{\aa}g{\aa}t",
	organization = "{The NorduGrid Collaboration}",
	note = "{NORDUGRID-TECH-15}",
	url = "{http://www.nordugrid.org/documents/arc1-clients.pdf}"
}

@Manual{ arc1-security,
	title = "Security framework of ARC NOX",
	author = "W. Qiang and A. Konstantinov",
	organization = "{The NorduGrid Collaboration}",
	note = "NORDUGRID-TECH-16",
	url = "http://www.nordugrid.org/documents/arc-security-documentation.pdf"
}

@Manual{ arc1-storage,
	title = "Chelonia -- Self-healing distributed storage system",
	author = "Zs. Nagy and J. K. Nilsen and S. Z. Toor",
	organization = "{The NorduGrid Collaboration}",
	note = "{NORDUGRID-TECH-17}",
	url = "{http://www.nordugrid.org/documents/arc-storage-documentation.pdf}"
}

@Manual{ arc1-backends,
	title = "ARC batch system back-end interface guide with support for GLUE2",
	author = "A. Taga and Th. Fr{\aa}g{\aa}t",
	organization = "{The NorduGrid Collaboration}",
	note = "{NORDUGRID-TECH-18}",
	url = "{http://www.nordugrid.org/documents/Backends-arc1.pdf}"
}

@Manual{ hed,
	title = "The Hosting Environment of the Advanced Resource Connector middleware",
	author = {A. Konstantinov and J. J{\"o}nemo},
	organization = "{The NorduGrid Collaboration}",
	note = "{NORDUGRID-TECH-19}",
	url = "{http://www.nordugrid.org/documents/ARCHED_article.pdf}"
}

@Manual{ libarcclient,
	title = "libarcclient -- A Client Library for ARC",
	author = "M. Ellert and B. Mohn and I. M{\'a}rton and G. R\H{o}czei",
	organization = "{The NorduGrid Collaboration}",
	note = "{NORDUGRID-TECH-20}",
	url = "{http://www.nordugrid.org/documents/client_technical.pdf}"
}

@Manual{ isis,
	title = "ARC Information System",
	author = "I. M{\'a}rton",
	organization = "{The NorduGrid Collaboration}",
	note = "{NORDUGRID-TECH-21}",
	url = "{http://www.nordugrid.org/documents/infosys_technical.pdf}"
}

@Manual{ glite-gw,
	title = "The gLite gateway plugins of ARCLIB and related command line tools",
	author = "M. Ellert and I. M{\'a}rton and P. St{\'e}fan",
	organization = "{The NorduGrid Collaboration}",
	note = "{NORDUGRID-TECH-22}",
	url = "{http://www.nordugrid.org/documents/glite_gateway.pdf}"
}

@Manual{ dmc,
	title = "ARC Data Manager Component (DMC) -- Implementation Guide",
	author = "M. Ellert",
	organization = "{The NorduGrid Collaboration}",
	note = "{NORDUGRID-TECH-23}",
	url = "{http://www.nordugrid.org/documents/dmc.pdf}"
}

@Manual{ jura,
	title = "Job Usage Reporter of ARC -- JURA",
	author = "P. D{\'o}b{\'e}",
	organization = "{The NorduGrid Collaboration}",
	note = "{NORDUGRID-TECH-24}",
	url = "{http://www.nordugrid.org/documents/jura-tech-doc.pdf}"
}

@Manual{ gui,
	title = "Advanced User Interfaces",
	author = "J. Lindemann",
	organization = "{The NorduGrid Collaboration}",
	note = "{NORDUGRID-TECH-25}",
	url = "{http://www.nordugrid.org/documents/advgui-techdoc.pdf}"
}

% ------------------------------------------------------------------------

