
@Article{BAYER_2007, 
title="D2.5-1 RDF Based Semantic Runtime Environment (RE) Description And Dynamic RE Management Framework Including Creating Proof Of Concept Bioinformatics REs",
author="Daniel Bayer and Steffen M{\"o}ller and Frederik Orellana",
year="2007",
journal="Public deliverables",
note="http://www.knowarc.eu/documents/Knowarc{\_}D2.5-1{\_}07.pdf"

}

@article{ELLERT_2007,
 author = {Ellert,, M. and Gronager,, M. and Konstantinov,, A. and K\'{o}nya,, B. and Lindemann,, J. and Livenson,, I. and Nielsen,, J. L. and Niinim\"{a}ki,, M. and Smirnova,, O. and W\"{a}\"{a}n\"{a}nen,, A.},
 title = {Advanced resource connector middleware for lightweight computational Grids},
 journal = {Future Gener. Comput. Syst.},
 volume = {23},
 number = {2},
 year = {2007},
 pages = {219--240},
 publisher = {Elsevier Science Publishers B. V.},
 address = {Amsterdam, The Netherlands, The Netherlands},
 }

@manual{NORDUGRID_MANUAL_4,
	title="Extended Resource Specification Language --- Reference Manual",
	organization="Nordugrid",
	month="12",
	year="2008",
	note="{N}ordugrid-Manual-4, www.nordugrid.org/documents/xrsl.pdf"
}

@InProceedings{MOELLER_2007,
	author = "Steffen M{\"o}ller and Daniel Bayer and David Vernazobres and Albrecht Gebhardt and Dirk Eddelbuettel",
	title = "Scientific Grid Computing via Community-Controlled Autobuilding of Software Packages Across Architectures",
	booktitle = "Proceedings of NETTAB 2007, A Semantic Web for Bioinformatics: Goals, Tools, Systems, Applications",
	address = "Pisa, Italy",
	month = "June 12-14th",
	year = 2007,
	url = "http://www.nettab.org"
}

@Article{FRANK_2004,
	author = "E. Frank and M. Hall and L. Trigg and G. Holmes and IH. Witten",
	title = "Data mining in bioinformatics using Weka",
	journal = "Bioinformatics",
	volume = 20,
	number = 15,
	year = 2004,
	pages = "2479--2481",
	url = "http://www.cs.waikato.ac.nz/ml/weka"
}
