
@article{QIANG_2005,
title="Towards cross-middleware authentication and single sign-on for ARC grid middleware",
author="Weizhong Qiang and Alexandr Konstantinov"
}

@article{QIANG_2008,
title="Security framework of ARC1",
author="Weizhong Qiang and Alexandr Konstantinov"
}

@article{Nagy_2008,
title="Documentation of the ARC storage system --- First prototype status and plans - NORDUGRID TECH 17",
author="Zsombor Nagy and Jon Nilsen and Salman Zubair Toor"

} 